@inproceedings{li2019,
  title={Are generative classifiers more robust to adversarial attacks?},
  author={Li, Yingzhen and Bradshaw, John and Sharma, Yash},
  booktitle={International Conference on Machine Learning},
  pages={3804--3814},
  year={2019},
  organization={PMLR}
}
